@article{openmm,
  title={OpenMM 7: Rapid development of high performance algorithms for molecular dynamics},
  author={Eastman, Peter and Swails, Jason and Chodera, John D and McGibbon, Robert T and Zhao, Yutong and Beauchamp, Kyle A and Wang, Lee-Ping and Simmonett, Andrew C and Harrigan, Matthew P and Stern, Chaya D and others},
  journal={PLoS computational biology},
  volume={13},
  number={7},
  pages={e1005659},
  year={2017},
  publisher={Public Library of Science}
}

@article{hmr,
  title={Long-time-step molecular dynamics through hydrogen mass repartitioning},
  author={Hopkins, Chad W and Le Grand, Scott and Walker, Ross C and Roitberg, Adrian E},
  journal={Journal of chemical theory and computation},
  volume={11},
  number={4},
  pages={1864--1874},
  year={2015},
  publisher={ACS Publications}
}

@article{amber99sbildn,
  title={Improved side-chain torsion potentials for the Amber ff99SB protein force field},
  author={Lindorff-Larsen, Kresten and Piana, Stefano and Palmo, Kim and Maragakis, Paul and Klepeis, John L and Dror, Ron O and Shaw, David E},
  journal={Proteins: Structure, Function, and Bioinformatics},
  volume={78},
  number={8},
  pages={1950--1958},
  year={2010},
  publisher={Wiley Online Library}
}

@article{ambergaff,
  title={Development and testing of a general amber force field},
  author={Wang, Junmei and Wolf, Romain M and Caldwell, James W and Kollman, Peter A and Case, David A},
  journal={Journal of computational chemistry},
  volume={25},
  number={9},
  pages={1157--1174},
  year={2004},
  publisher={Wiley Online Library}
}

@article{am1bcc,
  title={Fast, efficient generation of high-quality atomic charges. AM1-BCC model: II. Parameterization and validation},
  author={Jakalian, Araz and Jack, David B and Bayly, Christopher I},
  journal={Journal of computational chemistry},
  volume={23},
  number={16},
  pages={1623--1641},
  year={2002},
  publisher={Wiley Online Library}
}

@misc{pdbfixer,
  author = {Peter Eastman},
  title = {PDBFixer version 1.5},
  year = {2018},
  publisher = {GitHub},
  journal = {GitHub repository},
  howpublished = {\url{https://github.com/pandegroup/pdbfixer}},
  commit = {9f93a85bfb6d4b77958c53c5fc916f7551671640}
}

@article{tanaka2016molecular,
  title={Molecular mechanisms of substrate specificities of uridine-cytidine kinase},
  author={Tanaka, Wataru and Shoji, Mitsuo and Tomoike, Fumiaki and Ujiie, Yuzuru and Hanaoka, Kyohei and Harada, Ryuhei and Kayanuma, Megumi and Kamiya, Katsumasa and Ishida, Toyokazu and Masui, Ryoji and others},
  journal={Biophysics and physicobiology},
  volume={13},
  pages={77--84},
  year={2016},
  publisher={The Biophysical Society of Japan}
}

@article{doi:10.1021/bi102054n,
author = {Tomoike, Fumiaki and Nakagawa, Noriko and Kuramitsu, Seiki and Masui, Ryoji},
title = {A Single Amino Acid Limits the Substrate Specificity of Thermus thermophilus Uridine-Cytidine Kinase to Cytidine},
journal = {Biochemistry},
volume = {50},
number = {21},
pages = {4597-4607},
year = {2011},
doi = {10.1021/bi102054n},
    note ={PMID: 21539325},

URL = { 
        https://doi.org/10.1021/bi102054n
    
},
eprint = { 
        https://doi.org/10.1021/bi102054n
    
}

}

@article{mcgann2012fred,
  title={FRED and HYBRID docking performance on standardized datasets},
  author={McGann, Mark},
  journal={Journal of computer-aided molecular design},
  volume={26},
  number={8},
  pages={897--906},
  year={2012},
  publisher={Springer}
}


@article{suzuki2004structural,
  title={Structural basis for the specificity, catalysis, and regulation of human uridine-cytidine kinase},
  author={Suzuki, Nobuo N and Koizumi, Katsuhisa and Fukushima, Masanori and Matsuda, Akira and Inagaki, Fuyuhiko},
  journal={Structure},
  volume={12},
  number={5},
  pages={751--764},
  year={2004},
  publisher={Elsevier}
}

@article{scherer2015pyemma,
  title={PyEMMA 2: A software package for estimation, validation, and analysis of Markov models},
  author={Scherer, Martin K and Trendelkamp-Schroer, Benjamin and Paul, Fabian and P{\'e}rez-Hern{\'a}ndez, Guillermo and Hoffmann, Moritz and Plattner, Nuria and Wehmeyer, Christoph and Prinz, Jan-Hendrik and No{\'e}, Frank},
  journal={Journal of chemical theory and computation},
  volume={11},
  number={11},
  pages={5525--5542},
  year={2015},
  publisher={ACS Publications}
}

@article{mcgibbon2015mdtraj,
  title={MDTraj: a modern open library for the analysis of molecular dynamics trajectories},
  author={McGibbon, Robert T and Beauchamp, Kyle A and Harrigan, Matthew P and Klein, Christoph and Swails, Jason M and Hern{\'a}ndez, Carlos X and Schwantes, Christian R and Wang, Lee-Ping and Lane, Thomas J and Pande, Vijay S},
  journal={Biophysical journal},
  volume={109},
  number={8},
  pages={1528--1532},
  year={2015},
  publisher={Elsevier}
}

@article{prinz2011markov,
  title={Markov models of molecular kinetics: Generation and validation},
  author={Prinz, Jan-Hendrik and Wu, Hao and Sarich, Marco and Keller, Bettina and Senne, Martin and Held, Martin and Chodera, John D and Sch{\"u}tte, Christof and No{\'e}, Frank},
  journal={The Journal of chemical physics},
  volume={134},
  number={17},
  pages={174105},
  year={2011},
  publisher={AIP}
}

@article{perez2013identification,
  title={Identification of slow molecular order parameters for Markov model construction},
  author={P{\'e}rez-Hern{\'a}ndez, Guillermo and Paul, Fabian and Giorgino, Toni and De Fabritiis, Gianni and No{\'e}, Frank},
  journal={The Journal of chemical physics},
  volume={139},
  number={1},
  pages={07B604\_1},
  year={2013},
  publisher={AIP}
}

@article{roblitz2013fuzzy,
  title={Fuzzy spectral clustering by PCCA+: application to Markov state models and data classification},
  author={R{\"o}blitz, Susanna and Weber, Marcus},
  journal={Advances in Data Analysis and Classification},
  volume={7},
  number={2},
  pages={147--179},
  year={2013},
  publisher={Springer}
}

@article{humphrey1996vmd,
  title={VMD: visual molecular dynamics},
  author={Humphrey, William and Dalke, Andrew and Schulten, Klaus},
  journal={Journal of molecular graphics},
  volume={14},
  number={1},
  pages={33--38},
  year={1996},
  publisher={Elsevier}
}